<?xml version="1.0" encoding="UTF-8"?><collection xmlns="http://www.loc.gov/MARC21/slim"><record><leader>00435nam--2200133-i-4500</leader><controlfield tag="001">000016819</controlfield><controlfield tag="002">20161230</controlfield><controlfield tag="005">20161230201032</controlfield><controlfield tag="008">060222s1000------------r-----000-0-eng-d</controlfield><datafield ind1=" " ind2=" " tag="100"><subfield code="a">Boyd, Ian, W</subfield></datafield><datafield ind1=" " ind2=" " tag="245"><subfield code="a">Laser processing of thin films and microstruc tures. oxidation, deposition and etching of insulators</subfield></datafield><datafield ind1=" " ind2=" " tag="260"><subfield code="a">Berlin, Springer-verlag, 1987 320 P. + 77 Fig</subfield></datafield><datafield ind1=" " ind2=" " tag="490"><subfield code="a">Springer Series In Materials Sccience 3</subfield></datafield><datafield ind1=" " ind2=" " tag="852"><subfield code="a">78671</subfield></datafield></record></collection>